@book{Arfken:2005:Mathematical,
    title={Mathematical Methods For Physicists},
    author={Arfken, G.B. and Weber, H.J.},
    isbn={9780120598762},
    lccn={2005049844},
    url={http://books.google.com.br/books?id=f3aCnXWV1CcC},
    year={2005},
    publisher={Elsevier}
}

@book{Butkov:1968:Mathematical,
    title={Mathematical physics},
    author={Butkov, E.},
    lccn={68011391},
    series={Addison-Wesley series in advanced physics},
    url={http://books.google.com.br/books?id=aGwNlA\_i3pkC},
    year={1968},
    publisher={Addison-Wesley Pub. Co.}
}

@book{Riley:2006:Mathematical,
    title={Mathematical Methods for Physics and Engineering},
    author={Riley, K.F. and Hobson, M.P. and Bence, S.J.},
    isbn={9780521861533},
    lccn={2006280779},
    url={http://books.google.com.br/books?id=Mq1nlEKhNcsC},
    year={2006},
    publisher={Cambridge University Press}
}
